@inproceedings{main_paper,
  title={Time warp invariant kSVD: Sparse coding and dictionary learning for time series under time warp},
  author={Saeed, Varasteh Yazdi and Ahlame Douzal-Chouakriaa},
  url={https://www.researchgate.net/profile/Ahlame-Douzal/publication/325292430_Time_Warp_Invariant_k_SVD_sparse_coding_and_dictionary_learning_for_time_series_under_time_warp/links/5b239817a6fdcc6974655fc6/Time-Warp-Invariant-k-SVD-sparse-coding-and-dictionary-learning-for-time-series-under-time-warp.pdf},
  year={2018}
}

@inproceedings{main_thesis,
  title={Time warp invariant sparse coding and dictionary learning for time series classification and clustering},
  author={Saeed, Varasteh Yazdi},
  url={https://theses.hal.science/tel-02069011/file/VARASTEH_YAZDI_2018_diffusion.pdf},
  year={2019}
}

@inproceedings{matching_pursuit,
    title={Matching pursuits with time-frequency dictionnaries},
    author={St√©phane G. Mallat and Zhifeng, Zhang},
    url={http://www.iro.umontreal.ca/~pift6080/H09/documents/papers/sparse/mallat_zhang_matching_pursuit.pdf},
    year={1993} 
}

@inproceedings{orthogonal_matching_pursuit,
    title={Orthogonal matching pursuit: Recursive function approximation with applications to wavelet decomposition},
    author={Y. C. Pati and R., Rezaiifar and P.S, Krishnaprasad},
    url={https://www.researchgate.net/profile/Ramin-Rezaiifar/publication/2719588_Orthogonal_Matching_Pursuit_Recursive_Function_Approximation_with_Applications_to_Wavelet_Decomposition/links/55929fa308ae5af2b0eb463c/Orthogonal-Matching-Pursuit-Recursive-Function-Approximation-with-Applications-to-Wavelet-Decomposition.pdf},
    year={1993} 
}

@inproceedings{ksvd,
    title={K-SVD: An Algorithm for Designing Overcomplete
Dictionaries for Sparse Representation},
    author={Michal, Aharon and Michael, Elad and Alfred, Bruckstein},
    url={https://www.khoury.northeastern.edu/home/eelhami/courses/EE290A/K-SVD_Elad.pdf},
    year={2006} 
}